% ===================================================================================================
% Journal name strings
% ===================================================================================================
% A %
@STRING{AMR = {Appl. Mech. Rev.}}
@STRING{AIAAJ = {AIAAJ}}
% B %
% C %
@STRING{CF = {Combust. Flame}}
@STRING{CPMA = {Commun. Pure Appl. Math.}}
@STRING{CMAME = {Comp. Methods Appl. Mech. Eng.}}
% D %
% E %
% F %
% G %
% H %
% I %
@STRING{IEC ={Ind. Eng. Chem.}}
@STRING{IJMCE ={Intl. J. Multiscale Comp. Eng.}}
@STRING{IJNME ={Intl. J. Num. Methods Eng.}}
% J %
@STRING{JAM = {SIAM J. Appl. Math.}}
@STRING{JApM = {J. Appl. Mech.}}
@STRING{JASA = {J. of Acoust. Soc. Amer.}}
@STRING{JBIO = {J. Biomech.}}
@STRING{JCP = {J. Comput. Phys.}}
@STRING{JFM = {J. Fluid Mech.}}
@STRING{JMPS = {J. Mech. Phys. Solids}}
@STRING{JPP = {J. Propul. Power}}
@STRING{JSC = {SIAM J. Sci. Comp.}}
% K %
% L %
% M %
@STRING{MC = {Math. Comput.}}
% N %
% O %
% P %
@STRING{PEP = {Propell. Explos. Pyrot.}}
@STRING{PF = {Phys. Fluids}}
@STRING{PFA = {Phys. Fluids A}}
@STRING{PRE = {Phys. Rev. E}}
@STRING{PRL = {Phys. Rev. Lett.}}
% Q %
% R %
% S %
@STRING{SW = {Shock Waves}}
% T %
@STRING{TFS = {Trans. Faraday Soc.}}
@STRING{TA = {Thermochim. Acta}}
% U %
% V %
% W %
% XYZ %
% ===================================================================================================
% thesis/dissertations
% ===================================================================================================
@PHDTHESIS{Atkinson:2011,
        AUTHOR             = {S. Atkinson},
        SCHOOL             = {University of Notre Dame},
        TITLE              = {Three-dimensional characterization of polydisperse particulate composites from microtomography},
        TYPE               = {{B}achelor's {T}hesis},
        YEAR               = {2011},
        CRINDEX            = {South Bend, IN}
}
@PHDTHESIS{Shanti:2010,
        AUTHOR             = {N. O. Shanti},
        SCHOOL             = {Northwestern University},
        TITLE              = {Microstructurally tailored ceramics for advanced energy applications by thermoreversible gelcasting},
        TYPE               = {{D}octoral {D}issertation},
        YEAR               = {2010},
        CRINDEX            = {Evanston, IL}
}
@PHDTHESIS{Suloff:2002,
        AUTHOR             = {E. C. Suloff},
        SCHOOL             = {Virginia Polytechnic Institute and State University},
        TITLE              = {Permeability, diffusivity, and solubility of gas and solute through polymers},
        TYPE               = {{D}octoral {D}issertation},
        YEAR               = {2002},
        CRINDEX            = {Blacksburg, VA}
}
@MASTERSTHESIS{Ukai:2010,
        AUTHOR             = {S. Ukai},
        ADDRESS            = {Atlanta, Georgia},
        MONTH              = {August},
        SCHOOL             = {Georgia Institute of Technology},
        TITLE              = {{R}ichtmyer--{M}eshkov instability with reshock and particle interactions},
        TYPE               = {{M}asters {T}hesis},
        YEAR               = {2010},
        CRINDEX            = {}
}
@PHDTHESIS{Zoldi:2002,
        AUTHOR             = {C. A. Zoldi},
        MONTH              = {May},
        SCHOOL             = {State University of New York at Stony Brook},
        TITLE              = {A numerical and experimental study of a shock-accelerated heavy gas cylinder},
        TYPE               = {{D}octoral {D}issertation},
        YEAR               = {2002},
        CRINDEX            = {Stony Brook, NY}
}

% ===================================================================================================
% Books
% ===================================================================================================
@BOOK{Huggett:1960,
   author    = {Clayton Huggett and C. E. Bartley and Mark M. Mills},
   title     = {Solid Propellant Rockets},
   year      = {1960},
   publisher = {Princeton University Press},
   address   = {Princeton}
}
@BOOK{Leveque:2002,
   author    = {R. J. LeVeque},
   title     = {Finite volume methods for hyperbolic problems},
   year      = {2002},
   publisher = {Cambridge University Press},
   address   = {New York}
}
@Book{Lowell:2004,
	author		= {S. Lowell and Joan E. Shields and Martin A. Thomas and Matthias Thommes},
	title		= {Characterization of Porous Solids and
	Powders: Surface Area, Pore Size and Density},
	publisher	= {Particle Technology Series, Springer Science},
	year		= {2004},
    address  	= {New York}	
}
@BOOK{Mohamad:2011,
   author    = {A. A. Mohamad},
   title     = {Lattice Boltzmann method},
   year      = {2011},
   publisher = {Springer-Verlag},
   address   = {London}
}
@book{Newman:2004,
   author    = {John Newman and Karen E. Thomas-Alyea},
   title     = {Electrochemical systems},
   year      = {2004},
   publisher = {John Wiley \& Sons, Inc.},
   edition   = {Third},
   address   = {New York}
} 
@BOOK{Toro:1997,
   author    = {E. F. Toro},
   title     = {Riemann solvers and numerical methods for fluid dynamics},
   year      = {1997},
   publisher = {Springer},
   address   = {Berlin}
}
@book{White:2006,
   author    = {Frank M. White},
   title     = {Viscous fluid flow},
   year      = {2006},
   publisher = {McGraw Hill},
   edition   = {Third},
   address   = {New York}
}
% ===================================================================================================
% In Book of In series
% ===================================================================================================
@InBook{Latz:2011,
	author		= {Arnulf Latz and Jochen Zausch and Oleg Iliev},
	chapter		= {Modeling of species and charge transport in Li--ion batteries based on non-equilibrium thermodynamics},
	title		= {Lect. Notes Comp. Sci.},
	year		= {2011},
	volume		= {6046},
	pages		= {329-337}
}
% ===================================================================================================
% Journal Articles
% ===================================================================================================
@Article{Andersson:2013,
	author		= {Martin Andersson and Hedvig Paradis and Jinliang Yuan and Bengt Sund{\'e}n},
	title		= {3D modeling of an anode supported SOFC using FEM and LBM},
	journal		= {Proc. Amer. Soc. Mech. Eng.},
	year		= {2013},
	volume		= {FuelCell},
	pages		= {V001T02A001}
}
@ARTICLE{Areias:2008,
        AUTHOR             = {P. Areiasand K. Matou{\v s}},
        YEAR               = {2008},        
        TITLE              = {Stabilized four-node tetrahedron with nonlocal pressure for modeling hyperelastic materials},
        JOURNAL            = IJNME,
        VOLUME             = {76},                
        NUMBER             = {8},
        PAGES              = {1185-1201},
        }
@ARTICLE{Allu:2014,
        AUTHOR             = {Srikanth Allu and Sergiy Kalnaus and Wael Elwasif and Srdjan Simunovic and John A. Turner and Sreekanth Pannala},
        YEAR               = {2014},        
        TITLE              = {A new open computational framework for highly-resolved coupled    three-dimensional multiphysics simulations of {Li-ion} cells},
        JOURNAL            = {J. Power Source},
        VOLUME             = {246},                
        PAGES              = {876-886},
        }        
@ARTICLE{Barrier:1939,
        AUTHOR             = {R. M. Barrier and E. K. Rideal},
        YEAR               = {1939},        
        TITLE              = {Permeation, diffusion and solution of gases in organic polymers},
        JOURNAL            = TFS,
        VOLUME             = {35},                
        PAGES              = {628-643},
        }
@ARTICLE{Beckstead:1970,
        AUTHOR             = {M. W. Beckstead and R. L. Derr and C. F. Price},
        YEAR               = {1970},        
        TITLE              = {A model of composite solid-propellant combustion based on multiple flames},
        JOURNAL            = AIAAJ,
        VOLUME             = {8},                
        NUMBER             = {12},
        PAGES              = {2200-2207},
        }
@ARTICLE{Blomshield:1997,
        AUTHOR             = {F. S. Blomshield and H. B. Mathes and J. E. Crump and C. A. Beiter and M. W. Beckstead},
        YEAR               = {1997},        
        TITLE              = {Nonlinear Stability Testing of Full-Scale Tactical Motors},
        JOURNAL            = JPP,
        VOLUME             = {13},
        PAGES              = {350-366},
        }        
@ARTICLE{Brewster:2000,
        AUTHOR             = {M. W. Brewster and M. J. Ward and S. F. Son},
        YEAR               = {2000},        
        TITLE              = {Simplified Combustion Modeling of Double Base Propellant: Gas Phase Chain Reaction Vs Thermal Decomposition},
        JOURNAL            = {Combust. Sci. and Tech.},
        VOLUME             = {154},
        PAGES              = {1-30},
        }        
@ARTICLE{Bruggeman:1935,
        AUTHOR             = {D. A. G. Bruggeman},
        YEAR               = {1935},        
        TITLE              = {Calculation of various physical constants of heterogeneous substances. {I.} {D}ielectric constants and conductivities of mixtures of iostropic ssubstances},
        JOURNAL            = {Ann. Physik (Leipzig)},
        VOLUME             = {24},                
        PAGES              = {636-679},
        }        
@ARTICLE{Buller:2003,
	author		= {Stephan Buller and Marc Thele and Eckhard Karden and Rik W. {De Doncker}},
	year		= {2003},
	title		= {Impedance-based non-linear dynamic battery modeling for automotive applications},
	journal		= {J. Power Sources},
	volume		= {113},
	pages		= {422-430}
}
@ARTICLE{Burke:1928,
        AUTHOR             = {S. P. Burke and T. E. W. Schumann},
        YEAR               = {1928},        
        TITLE              = {Diffusion flames},
        JOURNAL            = IEC,
        VOLUME             = {20},                
        PAGES              = {998-1004}
        }                            
@ARTICLE{Butler:1996,
        AUTHOR             = {D. L. Bonnett and P. B. Butler},
        JOURNAL            = JPP,
        PAGES              = {680-690},
        TITLE              = {Hot-spot ignition of condensed phase energetic materials},
        VOLUME             = {12},
        YEAR               = {1996}
        } 
@Article{Cai:2012,
	author		= {Long Cai and Ralph E. White},
	title		= {Lithium ion cell modeling using orthogonal collocation on finite elements},
	journal		= {J. Power Sources},
	year		= {2012},
	volume		= {217},
	pages		= {248-255}
}
@Article{Chen:1998,
	author		= {Shiyi Chen and Gary D. Doolen},
	title		= {Lattice Boltzmann method for fluid flows},
	journal		= {Annu. Rev. Fluid Mech.},
	year		= {1998},
	volume		= {30},
	pages		= {329-364}
}
@Article{Chen:2002,
	author		= {M. Chen and J. Buckmaster and T. L. Jackson and L. Massa},
	title		= {Homogenization Issues and the Combustion of Heterogeneous Solid Propellants},
	journal		= {Proc. Combust. Inst.},
	year		= {2002},
	volume		= {29},
	pages		= {2923-2929}
}
@ARTICLE{Cohen:1982,
        AUTHOR             = {N. S. Cohen and L. D. Strand},
        YEAR               = {1982},        
        TITLE              = {An improved model for the combustion of AP composite propellants},
        JOURNAL            = AIAAJ,
        VOLUME             = {20},                
        NUMBER             = {12},
        PAGES              = {1739-1746},
        }
@Article{Colclasure:2010,
	author			= {Andrew M. Colclasure and Robert J. Kee},
	title			= {Thermodynamically consistent modeling of elementary electrochemistry in lithium-ion batteries},
	journal			= {Electrochim. Acta},
	year			= {2010},
	volume			= {55},
	pages			= {8960-8973}
}                  
@ARTICLE{Collins:2010,
        AUTHOR             = {B. C. Collins and K. Matou{\v s} and D. Rypl},
        JOURNAL            = IJMCE,
        PAGES              = {489-507},
        TITLE              = {Three-dimensional reconstruction of statistically optimal unit cells of multimodal particulate composites},
        VOLUME             = {8},
        YEAR               = {2010},
}    
@ARTICLE{Doll:2000,
        AUTHOR             = {S. Doll and K. Schweizerhof},
        YEAR               = {2000},        
        TITLE              = {On the development of volumetric strain energy functions},
        JOURNAL            = JApM,
        VOLUME             = {67},                
        NUMBER             = {1},
        PAGES              = {17-20},
        }            
@Article{Dougherty:2000,
	author		= {Geoffrey Dougherty and Jozsef Varro},
	title		= {A quantitative index for the measurement of the tortuosity of blood vessles},
	journal		= {Med. Eng. Phys.},
	year		= {2000},
	volume 		= {22},
	pages		= {567-574}
}
@Article{Doyle:1993,
	author		= {Marc Doyle and Thomas F. Fuller and John Newman},
	title		= {Modeling of galvanostatic charge and discharge of the lithium/polymer/insertion cell},
	journal		= {J. Electrochem. Soc.},
	year		= {1993},
	volume 		= {140},
	pages		= {1526-1533}
}
@Article{Doyle:1996,
	author		= {Marc Doyle and John Newman and Antoni S. Gozdz and Caroline N. Schmutz and Jean-Marie Tarascon},
	title		= {Comparison of modeling predictions with experimental data from plastic lithium ion cells},
	journal		= {J. Electrochem. Soc.},
	year		= {1996},
	volume		= {143},
	pages		= {1890-1903}
}
@Article{Ebner:2014,
	author		= {Martin Ebner and Ding-Wen Chung and R. Edwin Garc\'{i}a and Vanessa Wood},
	title		= {Tortuosity Anisotropy in Lithium-Ion Battery Electrodes},
	journal		= {Adv. Energy Mater.},
	year		= {2014},
	volume		= {4},
	pages		= {1301278}
}
@ARTICLE{Freund:2009,
        AUTHOR             = {J. B. Freund and R. K. Shukla and A. P. Evan},
        JOURNAL            = JASA,
        ISSUE              = {5},
        PAGES              = {2746-2756},
        TITLE              = {Shock-induced bubble jetting into a viscous fluid with application to tissue injury in shock-wave lithotripsy},
        VOLUME             = {126},
        YEAR               = {2009},
}     
@Article{Fuller:1994,
	author		= {Thomas F. Fuller and Marc Doyle and John Newman},
	title		= {Simulation and optimization of the dual lithium ion insertion cell},
	journal		= {J. Electrochem. Soc.},
	year		= {1994},
	volume		= {141},
	pages		= {1-10}
}
@Article{Gering:2006,
	author		= {Kevin L. Gering},
	title		= {Prediction of electrolyte viscosity for aqueous and non-aqueous systems: Results from a molecular model based on ion solvation and a chemical physics framework},
	journal		= {Electrochim. Acta},
	year		= {2006},
	volume		= {51},
	pages		= {3125-3138}
}
@ARTICLE{Glascoe:2011,
        AUTHOR             = {E. A. Glascoe and P. C. Hsu and H. K. Springer and M. R. DeHaven and N. Tan and H. C. Turner},
        JOURNAL            = TA,
        PAGES              = {58-66},
        TITLE              = {The response of the HMX-based material PBXN-9 to thermal insults: Thermal decomposition kinetics and morphological changes},
        VOLUME             = {515},
        YEAR               = {2011},
        }             
@ARTICLE{Gottlieb:1998,
        AUTHOR             = {S. Gottlieb and C. W. Shu},
        JOURNAL            = MC,
        NUMBER             = {221},
        PAGES              = {73-85},
        TITLE              = {Total variation diminishing Runge--Kutta schemes},
        VOLUME             = {67},
        YEAR               = {1998},
        }
@Article{GuoQing:2007,
	author		= {Du GuoQing and Sinead M. Matthews and Michael L. Johns and Adrian C. Fisher},
	title		= {Computational electrochemistry: Lattice Boltzmann simulations of voltammetry at microelectrodes},
	journal		= {Electrochem. Commun.},
	year		= {2007},
	volume		= {9},
	pages		= {2519-2524}
}
@article{Hart:1999,
	author		= {William E. Hart and Michael Goldbaum and Brad C{\^o}t{\'e} and Paul Kube and Mark R. Nelson},
	year		= {1999},
	title		= {Measurement and classification of retinal vascular tortuosity},
	journal		= {Int. J. Med. Inform.},
	volume		= {53},
	pages		= {239-252}
}
@ARTICLE{Hegab:2001,
        AUTHOR             = {A. Hegab and T. L. Jackson and J. Buckmaster and D. S. Stewart},
        YEAR               = {2001},        
        TITLE              = {Nonsteady burning of periodic sandwich propellants with complete coupling between the solid and gas phases},
        JOURNAL            = CF,
        VOLUME             = {125},                
        PAGES              = {1055-1070},
}  
@article{Heroux:2005,
author = {Michael A. Heroux and Roscoe A. Bartlett and Vicki E. Howle and Robert J. Hoekstra and Jonathan J. Hu and Tamara G. Kolda and Richard B. Lehoucq and Kevin R. Long and Roger P. Pawlowski and Eric T. Phipps and Andrew G. Salinger and Heidi K. Thornquist and Ray S. Tuminaro and James M. Willenbring and Alan Williams and Kendall S. Stanley},
title = {An overview of the \software{Trilinos} project},
journal = {ACM Trans. Math. Softw.},
volume = {31},
number = {3},
year = {2005},
issn = {0098-3500},
pages = {397--423},
doi = {http://doi.acm.org/10.1145/1089014.1089021},
publisher = {ACM Press},
address = {New York, NY, USA},
abstract = "The Trilinos Project is an effort to facilitate the design, development, integration and ongoing support of mathematical software libraries within an object-oriented framework for the solution of large-scale, complex multi-physics engineering and scienti c problems. Trilinos addresses two fundamental issues of developing software for these problems: (i) Providing a streamlined process and set of tools for development of new algorithmic implementations and (ii) promoting interoperability of independently developed software.
\par Trilinos uses a two-level software structure designed around collections of packages. A Trilinos package is an integral unit usually developed by a small team of experts in a particular algorithms area such as algebraic preconditioners, nonlinear solvers, etc. Packages exist underneath the Trilinos top level, which provides a common look-and-feel, including configuration, documentation, licensing, and bug-tracking.
\par Here we present the overall Trilinos design, describing our use of abstract interfaces and default concrete implementations. We discuss the services that Trilinos provides to a prospective package and how these services are used by various packages. We also illustrate how packages can be combined to rapidly develop new algorithms. Finally, we discuss how Trilinos facilitates highquality software engineering practices that are increasingly required from simulation software."}        
@ARTICLE{Ibiricu:1975,
        AUTHOR             = {M. M. Ibiricu and F. A. Williams},
        JOURNAL            = CF,
        PAGES              = {185-198},
        TITLE              = {Influence of Externally Applied Thermal Radiation on the Burning Rates of Homogeneous Solid Propellants},
        VOLUME             = {24},
        YEAR               = {1975},
        }
@ARTICLE{Jacobs:1995,
        AUTHOR             = {J. W. Jacobs},
        JOURNAL            = PFA,
        NUMBER             = {9},
        PAGES              = {2239-2247},
        TITLE              = {The dynamics of shock accelerated light and heavy gas cylinders},
        VOLUME             = {5},
        YEAR               = {1995},
        } 
@ARTICLE{Jackson:1989,
        AUTHOR             = {T. L. Jackson and A. K. Kapila and D. S. Stewart},
        JOURNAL            = JAM,
        NUMBER             = {2},
        PAGES              = {432-458},
        TITLE              = {Evolution of a reaction center in an explosive material},
        VOLUME             = {49},
        YEAR               = {1989},
        }
@ARTICLE{Jackson:2001,
        AUTHOR             = {T. L. Jackson and J. Buckmaster and A. Hegab},
        YEAR               = {2001},        
        TITLE              = {Periodic propellant flames and fluid-mechanical effects},
        JOURNAL            = JPP,
        VOLUME             = {17},                
        MONTH              = {2},
        PAGES              = {371-379},
}
@ARTICLE{Jackson:2002,
        AUTHOR             = {T. L. Jackson and J. Buckmaster},
        YEAR               = {2002},        
        TITLE              = {Heterogeneous Propellant Combustion},
        JOURNAL            = AIAAJ,
        VOLUME             = {40},
        PAGES              = {1122-1130},
}
@article{Jackson:2011,
	author		= {T. L. Jackson and D. E. Hooks and J. Buckmaster},
	year		= {2011},
	title		= {Modeling the microstructure of energetic materials with realistic constituent morphology},
	journal		= PEP,
	volume		= {36},
	pages		= {252-258}
}
@ARTICLE{Jiao:2007,
 	title 			= {Face offsetting: A unified approach for explicit moving interfaces},
 	author 			= {X. Jiao},
  	journal			= JCP,
 	volume 			= {220},
  	pages 			= {612-625},
	year 			= {2007}
}       
@article{Joshi:2010,
	author		= {Vinayak Joshi and Joseph M. Reinhardt and Michael D. Abr{\`a}moff},
	year		= {2010},
	title		= {Automated measurement of retinal blood vessel tortuosity},
	journal		= {Proc. SPIE},
	volume		= {7624},
	pages		= {76243A}
}
@ARTICLE{Kang:1992,
        AUTHOR             = {J. Kang and P. B. Butler and M. R. Baer},
        JOURNAL            = CF,
        PAGES              = {117-139},
        TITLE              = {Thermomechanical analysis of hot spot formulation in condensed-phase, energetic materials},
        VOLUME             = {89},
        YEAR               = {1992},
}
@ARTICLE{Kovalskii:1967,
        AUTHOR             = {A. A. Kovalskii and E. V. Konev and B. V.Krasilnikov},
        JOURNAL            = {Fiz. Goreniya Vzryva},
        PAGES              = {547-554},
        TITLE              = {Combustion of Nitroglycerine Powder},
        VOLUME             = {3},
        YEAR               = {1967},
}
@Article{Landstorfer:2013,
	author		= {Manuel Landstorfer and Timo Jacob},
	title		= {Mathematical modeling of intercalation batteries at the cell level and beyond},
	journal		= {Chem. Soc. Rev.},
	year		= {2013},
	volume		= {42},
	pages		= {3234-3252}
}
@ARTICLE{Lee:2009,
        AUTHOR             = {H. Lee and M. Brandyberry and A. Tudor and K. Matou{\v s}},
        JOURNAL            = PRE,
        ISSUE              = {},
        PAGES              = {061301},
        TITLE              = {Three-dimensional reconstruction of statistically optimal unit cells of polydisperse particulate composites from microtography},
        VOLUME             = {80},
        YEAR               = {2009},
        }
@ARTICLE{Lee:2011,
        AUTHOR             = {H. Lee and A. S. Gillman and K. Matou{\v s}},
        YEAR               = {2011},        
        TITLE              = {Computing overall elastic constants of polydisperse particulate composites from microtomographic data.},
        JOURNAL            = JMPS,
        VOLUME             = {59},                
        PAGES              = {1838-1857},
}                  
@Article{Lee:2013,
	author		= {Sang Gun Lee and Dong Hyup Jeon and Byung Moon Kim and Jung Ho Kang and Charn-Jung Kim},
	title		= {Lattice Boltzmann simulation for electrolyte transport in porous electrode of lithium ion batteries},
	journal		= {J. Electrochem. Soc.},
	year		= {2013},
	volume		= {160},
	pages		= {H258-H265}
}
@article{Li:2008,
	author		= {Yanguang Li and Bing Tan and Yiying Wu},
	title		= {Mesoporous {Co$_3$O$_4$} nanowire arrays for lithium ion batteries with high capacity and rate capability},
	journal		= {Nano Lett.},
	year		= {2008},
	volume		= {8},
	pages		= {265-270}
}
@article{Lubachevsky:1990,
	author		= {B. D. Lubachevsky and F. H. Stillinger},
	title		= {Geometric properties of random disk packings},
	journal		= {J. Stat. Phys.},
	year		= {1990},
	volume		= {60},
	pages		= {561-583}
}
@ARTICLE{Lubarda:2004,
	TITLE 		= {Constitutive theories based on the multiplicative decomposition ofdeformation gradient: {T}hermoelasticity, elastoplasticity, and biomechanics},
  	AUTHOR 		= {V.A. Lubarda},
  	JOURNAL 	= AMR,
 	VOLUME 		= {57},
 	NUMBER 		= {2},
 	PAGES 		= {95-108},
 	YEAR 		= {2004}
}        
@ARTICLE{Maggi:2008,
        AUTHOR             = {F. Maggi and S. Stafford and T. L. Jackson and J. Buckmaster},
        JOURNAL            = PRE,
        PAGES              = {046107},
        TITLE              = {Nature of packs used in propellant modeling},
        VOLUME             = {77},
        YEAR               = {2008},
        }
@ARTICLE{Massa:2002,
        AUTHOR             = {L. Massa and T. L. Jackson and J. Buckmaster and M. Campbell},
        YEAR               = {2002},        
        TITLE              = {Three-Dimensional Heterogeneous Propellant Combustion},
        JOURNAL            = {Proc. Combust. Inst.},
        VOLUME             = {29},                
        PAGES              = {2975-2983},
}
@ARTICLE{Massa:2004,
        AUTHOR             = {L. Massa and T. L. Jackson and J. Buckmaster},
        YEAR               = {2004},        
        TITLE              = {Using Heterogeneous Propellant Burning Simulations as Subgrid Components of Rocket Simulations},
        JOURNAL            = AIAAJ,
        VOLUME             = {42},                
        PAGES              = {1889-1900},
}      
@ARTICLE{Massa:2005,
        AUTHOR             = {L. Massa and T. L. Jackson and J. Buckmaster},
        YEAR               = {2005},        
        TITLE              = {New kinetics for a model of heterogeneous propellant combustion},
        JOURNAL            = JPP,
        VOLUME             = {21},
        PAGES              = {914-924},
}                
@ARTICLE{Massoni:1999,
        AUTHOR             = {J. Massoni and R. Saurel and G. Baudin and G. Demol},
        JOURNAL            = PF,
        NUMBER             = {3},
        PAGES              = {710-736},
        TITLE              = {A mechanistic model for shock initiation of solid explosives},
        VOLUME             = {11},
        YEAR               = {1999},
        }
@ARTICLE{MatousComp:2006,
        AUTHOR             = {K. Matou{\v s} and P. H. Geubelle},
        YEAR               = {2006},        
        TITLE              = {Finite element formulation for modeling particle debonding in reinforced elastomers subjected to finite deformations},
        JOURNAL            = CMAME,
        VOLUME             = {196},                
        PAGES              = {620-633},
}
@ARTICLE{MatousNum:2006,
        AUTHOR             = {K. Matou{\v s} and P. H. Geubelle},
        YEAR               = {2006},        
        TITLE              = {Multiscale modeling of particle debonding in reinforced elastomers subjected to finite deformations},
        JOURNAL            = IJNME,
        VOLUME             = {65},                
        PAGES              = {190-223},
}        
@ARTICLE{Meethong:2007,
        AUTHOR             = {Nonglak Meethong and Hsiao-Ying Shadow Huang and W. Craig Carter and Yet-Ming Chiang},
        JOURNAL            = {Electrochem. Solid-State Lett.},
        PAGES              = {A134-A138},
        TITLE              = {Size-dependent lithium miscibility gap in nanoscale {Li$_{1-x}$ FePO$_4$} batteries and energy storage},
        VOLUME             = {10},
        YEAR               = {2007}
        }
@ARTICLE{Meshkov:1969,
        AUTHOR             = {E. E. Meshkov},
        JOURNAL            = {Izv. AN SSSR, Mekh. Zhidk. Gaza},
        NUMBER             = {5},
        PAGES              = {151-157},
        TITLE              = {Instability of the interface of two gases accelerated by a shockwave},
        VOLUME             = {4},
        YEAR               = {1969}
        }
@ARTICLE{Meyer:2013,
        AUTHOR             = {Marco Meyer, Lidiya Komsiyska and Bettina Lenz and Carsten Agert},
        JOURNAL            = {Appl. Math. Model.},
        PAGES              = {2016-2027},
        TITLE              = {Study of the local SOC distribution in a lithium-ion battery by physical and electrochemical modeling and simulation},
        VOLUME             = {37},
        YEAR               = {2013}
        }
@ARTICLE{Meyers:2000,
        AUTHOR             = {Jeremy P. Meyers and Marc Doyle and Robert M. Darling and John Newman},
        JOURNAL            = {J. Electrochem. Soc.},
        NUMBER             = {8},
        PAGES              = {2930-2940},
        TITLE              = {The impedance response of a porous electrode composed of intercalation particles},
        VOLUME             = {147},
        YEAR               = {2000}
        }
@article{Moss:2009,
	author		= {P. L. Moss and G. Au and E. J. Plichta and J. P. Zheng},
	journal		= {J. Power Sources},
	pages		= {66-71},
	title		= {Investigation of solid electrolyte interface layer development during continuous cycling using ac impedance spectra and micro-structural analysis},
	volume		= {189},
	year		= {2009}
}
@Article{Narayanrao:2012,
	author		= {Ramakrishnan Narayanrao and M. M. Joglekar and Sudhakar Inguva},
	title		= {A phenomenological degradation model for cyclic aging of lithium ion cell materials},
	journal		= {J. Electrochem. Soc.},
	year		= {2012},
	volume		= {160},
	pages		= {A125-A137}
}
@ARTICLE{Ozlem:2012,
        AUTHOR             = {M. Ozlem and D. W. Schwendemen and A. K. Kapila and W. D. Henshaw},
        JOURNAL            = SW,
        PAGES              = {89-117},
        TITLE              = {A numerical study of shock-induced cavity collapse},
        VOLUME             = {22},
        YEAR               = {2012}
        }
@Article{Park:2010,
	author		= {Myounggu Park and Xiangchun Zhang and Myoungdo Chung and Gregory B. Less and Ann Marie Sastry},
	title		= {A review of conduction phenomena in {Li-ion} batteries},
	journal		= {J. Power Source},
	year		= {2010},
	volume		= {195},
	pages		= {7904-7929}
}
@Article{Ramadesigan:2012,
	author		= {V. Ramadesigan and P. W. C. Northrop and S. De and S. Santhanagopalan and R. D. Braatz and V. R. Subramanian},
	title		= {Modeling and simulation of lithium-ion batteries from a systems engineering perspective},
	journal		= {J. Electrochem. Soc.},
	year		= {2012},
	volume		= {159},
	pages		= {R31-R45}
}
@Article{Reifsnider:2011,
	author		= {K. L. Reifsnider and G. J. Nelson and F. Rabbi and W. K. S. Chiu and A. V. Virkar and F. Zhao and Q. Liu},
	title		= {HeteroFoaMs: Electrode modeling in nanostructured heterogeneous materials for energy systems},
	journal		= {J. Fuel Cell Sci. Technol.},
	year		= {2011},
	volume		= {9},
	pages		= {011019}
}
@ARTICLE{Richtmyer:1960,
        AUTHOR             = {R. D. Richtmyer},
        JOURNAL            = CPMA,
        NUMBER             = {13},
        PAGES              = {297-319},
        TITLE              = {Taylor instability in shock acceleration of compressible fluids.},
        VOLUME             = {13},
        YEAR               = {1960},
        } 
@article{Sazhin:2014,
	author		= {Sergiy V. Sazhin and Kevin L. Gering and Mason K. Harrup and Harry W. Rollins},
	year		= {2014},
	title		= {Highly Quantitative Electrochemical Characterization of Non-Aqueous Electrolytes and Solid Electrolyte Interphases},
	journal		= {J. Electrochem. Soc.},
	volume		= {161},
	pages		= {A393-A402}
}         
@article{Shanti:2014,
	author		= {Noah O. Shanti and Victor W.L. Chan and Stuart R. Stock and Francesco {De Carlo} and Katsuyo Thornton  and Katherine T. Faber},
	year		= {2014},
	title		= {X-ray micro-computed tomography and tortuosity calculations of percolating pore networks},
	journal		= {Acta Mater.},
	volume		= {71},
	pages		= {126-135}
}        
@article{Shen:2007,
	author		= {Lihua Shen and Zhangxin Chen},
	year		= {2007},
	title		= {Critical review of the impact of tortuosity on diffusion},
	journal		= {Chem. Eng. Sci.},
	volume		= {62},
	pages		= {3748-3755}
}
@ARTICLE{Shukla:2010,
        AUTHOR             = {R. K. Shukla and C. Pantano and J. B. Freund},
        JOURNAL            = JCP,
        PAGES              = {7411-7439},
        TITLE              = {An interface capturing method for simulation of multiphase compressible flows},
        VOLUME             = {19},
        YEAR               = {2010},
        }
@ARTICLE{Smith:2006,
        AUTHOR             = {Kandler Smith and Chao-Yang Wang},
        JOURNAL            = {J. Power Source},
        PAGES              = {628-639},
        TITLE              = {Solid-state diffusion limitations on pulse operation of a lithium ion cell for hybrid electric vehicles},
        VOLUME             = {161},
        YEAR               = {2006}
        }        
@ARTICLE{Srinivasan:2009,
        AUTHOR             = {K. R. Srinivasan and K. Matou{\v s} and P. H. Geubelle and T. L. Jackson},
        YEAR               = {2009},        
        TITLE              = {Thermomechanical modeling of regressing heterogeneous solid propellants},
        JOURNAL            = JCP,
        VOLUME             = {228},                
        PAGES              = {7883-7901},
}         
@ARTICLE{Stafford:2010,
        AUTHOR             = {D. S. Stafford and T. L. Jackson},
        JOURNAL            = JCP,
        PAGES              = {3295-3315},
        TITLE              = {Using level sets for creating virtual random packs of non-spherical convex shapes},
        VOLUME             = {229},
        YEAR               = {2010},
        } 
@ARTICLE{Thorat:2009,
        AUTHOR             = {Indrajeet V. Thorat and David E. Stephenson and Nathan A. Zacharias and Karim Zaghib and John N. Harb and Dean R. Wheeler},
        JOURNAL            = {J. Power Source},
        PAGES              = {592–600},
        TITLE              = {Quantifying tortuosity in porous Li-ion battery materials},
        VOLUME             = {188},
        YEAR               = {2009},
        } 
@ARTICLE{Titarev:2004,
        AUTHOR             = {V. A. Titarev and E. F. Toro},
        JOURNAL            = JCP,
        PAGES              = {238-260},
        TITLE              = {Finite-volume WENO schemes for three-dimensional conservation laws},
        VOLUME             = {201},
        YEAR               = {2004},
        } 
@ARTICLE{Tiwari:2013,
        AUTHOR             = {A. Tiwari and J. B. Freund and C. Pantano},
        JOURNAL            = JCP,
        TITLE              = {A diffuse interface model with immiscibility preservation},
        YEAR               = {2013},
        }    
@ARTICLE{Toro:1994,
        AUTHOR             = {E. F. Toro and M. Spruce and W. Speares},
        JOURNAL            = SW,
        PAGES              = {25-34},
        TITLE              = {Restoration of the contact surface in the HLL-Riemann solver},
        VOLUME             = {4},
        YEAR               = {1994},
        }        
@article{Troltzsch:2006,
	author		= {Uwe Tr{\"o}ltzsch and Olfa Kanoun and Hans-Rolf Tr{\"a}nkler},
	journal		= {Electrochim. Acta},
	pages		= {1664-1672},
	title		= {Characterizing aging effects of lithium ion batteries by impedance spectroscopy},
	volume		= {51},
	year		= {2006}
}
@ARTICLE{Vandervorst:1992,
        AUTHOR             = {H. A. {Van der Vorst}},
        JOURNAL            = JSC,
        PAGES              = {631-644},
        TITLE              = {Bi-CGSTAB: A fast and smoothly converging variant of Bi-CG for the solution of non-symmetric linear systems},
        VOLUME             = {13},
        YEAR               = {1992},
        } 
@ARTICLE{Vijayaraghavan:2012,
        AUTHOR             = {Bharath Vijayaraghavan and David R. Ely and Yet-Ming Chiang and Ramiro Garc\'{i}a-Garc\'{i}a and R. Edwin Garc\'{i}a},
        JOURNAL            = {J. Electrochem. Soc.},
        PAGES              = {A548-A552},
        TITLE              = {An Analytical Method to Determine Tortuosity in Rechargeable Battery Electrodes},
        VOLUME             = {159},
        YEAR               = {2012},
        } 
@ARTICLE{Vorobieff:2010,
        AUTHOR             = {P. Vorobieff and M. Anderson and J. Conroy and R. White and C. R. Truman},
        JOURNAL            = PRL,
        ISSUE              = {18},
        PAGES              = {184503},
        TITLE              = {Vortex formation in a shock-accelerated gas induced by particle seeding},
        VOLUME             = {106},
        YEAR               = {2011},
        }
@Article{Wang:2007,
	author		= {Chia-Wei Wang and Anne Marie Sastry},
	title		= {Mesoscale modeling of a Li-ion polymer cell},
	journal		= {J. Electrochem. Soc.},
	year		= {2007},
	volume		= {154},
	pages		= {A1035-A1047}
}
@Article{Wang:2013,
	author		= {Richard Y. Wang and Colin D. Wessells and Robert A. Huggins and Yi Cui},
	title		= {Highly reversible open framework nanoscale electrodes for divalent ion batteries},
	journal		= {Nano Lett.},
	year		= {2013},
	volume		= {13},
	pages		= {5748-5752}
}
@Article{Ward:1998,
	author		= {M. J. Ward and S. F. Son and M. Q. Brewster},
	title		= {Steady Deflagration of HMX With Simple Kinetics: A Gas Phase Chain Reaction Model},
	journal		= CF,
	year		= {1998},
	volume		= {114},
	pages		= {556-568}
}
@ARTICLE{Weese:2003,
        AUTHOR             = {R. K. Weese and J. L. Maienschein and C. T. Perrino},
        YEAR               = {2003},        
        TITLE              = {Kinetics of the solid-solid phase transition of HMX, octahydro-1,3,5,7-tetranitro-1,3,5,7-tetrazocine},
        JOURNAL            = TA,
        VOLUME             = {401},                
        PAGES              = {1-7},
} 
@ARTICLE{Weese:2005,
        AUTHOR             = {R. K. Weese and A. K. Burnham},
        YEAR               = {2005},        
        TITLE              = {Coefficient of thermal expansion of the beta and delta polymorphs of HMX},
        JOURNAL            = PEP,
        VOLUME             = {30},                
        NUMBER             = {5},
        PAGES              = {344-350},
}
@ARTICLE{Williams:1973,
		title 			= {Quasi-Steady Gas-Phase Flame Theory in Unsteady Burning of a Homogeneous Solid Propellant},
		author 			= {F. A. Williams},
		journal 		= AIAAJ,
		volume 			= {11},
		pages 			= {1328-1330},
		year 			= {1973}
}
@ARTICLE{Willis:1977,
		title 			= {Bounds and self-consistent estimates for the overall properties of anisotropic composites},
		author 			= {J .R. Willis},
		journal 		= JMPS,
		volume 			= {19},
		pages 			= {185-202},
		year 			= {1977}
}
@ARTICLE{Willis:2006,
        AUTHOR             = {J. R. Willis},
        YEAR               = {2006},        
        TITLE              = {Bounds and self-consistent estimates for the overall properties of anisotropic composites},
        JOURNAL            = JMPS,
        VOLUME             = {19},                
        PAGES              = {185-202},
}   
@ARTICLE{Wu:2004,
        AUTHOR             = {John Z. Wu and Ren G. Dong and Aaron W. Schopper},
        YEAR               = {2004},        
        TITLE              = {Analysis of effects of friction on the deformation behavior of soft tissues in unconfined compression tests},
        JOURNAL            = JBIO,
        VOLUME             = {37},                
        NUMBER             = {1},
        PAGES              = {147-155},
}        
@article{Zalc:2004,
	author		= {Jeffrey M. Zalc and Sebasti{\'a}n C. Reyes and Enrique Iglesia},
	year		= {2004},
	title		= {The effects of diffusion mechanism and void structure on transport rates and tortuosity factors in complex porous structures},
	journal		= {Chem. Eng. Sci.},
	volume		= {59},
	pages		= {2947-2960}
}
@article{Zhang:2006,
	author		= {S. S. Zhang and K. Xu and T. R. Jow},
	year		= {2006},
	title		= {EIS study on the formation of solid electrolyte interface in Li-ion battery},
	journal		= {Electrochim. Acta},
	volume		= {51},
	pages		= {1636-1640}
}
@article{Zhang:2011,
	author		= {Huigang Zhang and Xindi Yu and Paul V. Braun},
	year		= {2011},
	title		= {Three-dimensional bicontinuous ultrafast-charge and -discharge bulk battery electrodes},
	journal		= {Nature Nano.},
	volume		= {6},
	pages		= {277-281}
}
@ARTICLE{Zhang:2012,
        AUTHOR             = {J. Zhang and T. L. Jackson and J. D. Buckmaster and J. B. Freund},
        JOURNAL            = CF,
        PAGES              = {1769-1778},
        TITLE              = {Numerical modeling of shock-to-detonation transition in energetic materials},
        VOLUME             = {157},
        YEAR               = {2013},
        }     
% ===================================================================================================
% technical reports
% ===================================================================================================
@TECHREPORT{BrandyberryRPT:2012,
		AUTHOR 				= {M. D. Brandyberry and D. R. Schwenk and J. Krisiloff and B. Wasistho and K. Matou{\v s}},
		TITLE 				= {Solid rocket motor propellant characterization and material reconstruction using high resolution tomography},
		TYPE 				= {Phase II SBIR Draft Final Report},
		INSTITUTION 			= {US Department of the Air Force},
		year				= {2012},
		OPTNUMBER 			= {Contract Number FA9300-10-C-3003}
}
@TECHREPORT{CampbellRPT:2013,
		AUTHOR 				= {Michael T. Campbell and Mark D. Brandyberry and Michael J. Anderson and Jessica E. Kress},
		TITLE 				= {Infrastructure for Multiphysics Software Integration in High Performance Computing-Aided Science and Engineering},
		TYPE 				= {{Phase I SBIR Final Report}},
		INSTITUTION 		= {US Department of Energy},
		year				= {2013},
		OPTNUMBER 			= {Contract Number DE-SC0009596}
}
@TECHREPORT{Carney:1991,
        AUTHOR             = {T. Carney and C. E. Needham},
        INSTITUTION        = {DTRA},
        MONTH              = {September},
        TITLE              = {Instabilities and turbulence in intermediate altitude fireballs},
        YEAR               = {1991},
}
@TECHREPORT{Crepeau:2001,
        AUTHOR             = {Crepeau, J. and Hikida, S. and Needham, C. E.},
        INSTITUTION        = {Applied Research Associates, Inc.},
        MONTH              = {May},
        TITLE              = {{Second Order Hydrodynamic Automatic Mesh Refinement Code (SHAMRC): Volume I, Methodology}},
        YEAR               = {2001},
}
@TECHREPORT{Doolan:2003,
        AUTHOR             = {C. J. Doolan},
        INSTITUTION        = {DSTO Systesm Sciences Laboratory},
        TITLE              = {A microstructure dependent reactive flow model for heterogeneous energetic materials},
        YEAR               = {2003},
        } 
@TECHREPORT{Kennedy:2002,
        AUTHOR             = {C. A. Kennedy and M. H. Carpenter},
        INSTITUTION        = {NASA},
        MONTH              = {July},
        TITLE              = {Additive Runge--Kutta schemes for convection-diffusion-reaction equations},
        YEAR               = {2002},
}
@TECHREPORT{MatousAN:2011,
        AUTHOR             = {K. Matou{\v s} and Gaurav and A. Gillman and M. Mosby},
        TITLE              = {Experimental and computational program for slow and fast cookoff for insensitive munitions testing},
        TYPE               = {Phase II SBIR Annual Report W31P4Q-09-C-0049},
        YEAR               = {2011},
}
@TECHREPORT{MatousO:2011,
		author 			= {K. Matou{\v s} and A. Gillman and S. Atkinson},
		year 			= {August 2011},
		title 			= {Solid rocket motor propellant characterization and material reconstruction using high resolution tomography},
		note 			= {Annual Technical Report 1, Phase II SBIR, FA900-10-C-3003, M. Brandyberry and W. Harrigan, technical program managers}
}
@TECHREPORT{MatousI:2011,
        AUTHOR             = {K. Matou{\v s} and Gaurav and W. Chen},
        NUMBER             = {I},
        TITLE              = {Experimental and computational program for slow and fast cookoff for insensitive munitions testing},
        TYPE               = {Phase II SBIR Technical Report W31P4Q-09-C-0049},
        YEAR               = {2011},
}
@TECHREPORT{MatousII:2011,
        AUTHOR             = {K. Matou{\v s} and Gaurav and M. Mosby},
        NUMBER             = {II},
        TITLE              = {Experimental and computational program for slow and fast cookoff for insensitive munitions testing},
        TYPE               = {Phase II SBIR Technical Report W31P4Q-09-C-0049},
        YEAR               = {2011},
}
@TECHREPORT{MatousIII:2011,
        AUTHOR             = {K. Matou{\v s} and Gaurav and M. Mosby},
        NUMBER             = {III},
        TITLE              = {Experimental and computational program for slow and fast cookoff for insensitive munitions testing},
        TYPE               = {Phase II SBIR Technical Report W31P4Q-09-C-0049},
        YEAR               = {2011},
}
@TECHREPORT{MatousIV:2012,
        AUTHOR             = {K. Matou{\v s} and Gaurav and A. Gillman},
        NUMBER             = {IV},
        TITLE              = {Experimental and computational program for slow and fast cookoff for insensitive munitions testing},
        TYPE               = {Phase II SBIR Technical Report W31P4Q-09-C-0049},
        YEAR               = {2012},
}
@TECHREPORT{MatousV:2012,
        AUTHOR             = {K. Matou{\v s} and Gaurav},
        NUMBER             = {V},
        TITLE              = {Experimental and computational program for slow and fast cookoff for insensitive munitions testing},
        TYPE               = {Phase II SBIR Technical Report W31P4Q-09-C-0049},
        YEAR               = {2012},
}
@TECHREPORT{MatousVI:2012,
        AUTHOR             = {K. Matou{\v s} and Gaurav},
        NUMBER             = {VI},
        TITLE              = {Experimental and computational program for slow and fast cookoff for insensitive munitions testing},
        TYPE               = {Phase II SBIR Technical Report W31P4Q-09-C-0049},
        YEAR               = {2012},
}
@techreport{Trilinos-Overview,
title = "{An Overview of Trilinos}",
author = "Michael Heroux and Roscoe Bartlett and Vicki Howle Robert Hoekstra and Jonathan Hu and Tamara Kolda and Richard Lehoucq and Kevin Long and Roger Pawlowski and Eric Phipps and Andrew Salinger and Heidi Thornquist and Ray Tuminaro and James Willenbring and Alan Williams ",
institution = "Sandia National Laboratories",
number = "SAND2003-2927",
year = 2003}
@techreport{Trilinos-Dev-Guide,
title = "{Trilinos Developers Guide}",
author = "Michael A. Heroux and James M. Willenbring and Robert Heaphy", institution = "Sandia National Laboratories",
number = "SAND2003-1898",
year = 2003}
@techreport{Trilinos-Dev-Guide-II,
title = "{Trilinos Developers Guide Part II: ASCI Software Quality Engineering Practices Version 1.0}",
author = "Michael A. Heroux and James M. Willenbring and Robert Heaphy",
institution = "Sandia National Laboratories",
number = "SAND2003-1899",
year = 2003}
@techreport{Trilinos-Users-Guide,
title = "{Trilinos Users Guide}",
author = "Michael A. Heroux and James M. Willenbring",
institution = "Sandia National Laboratories",
number = "SAND2003-2952",
year = 2003}
@techreport{Trilinos-Tutorial,
title = "{Trilinos Tutorial}",
author = "Marzio Sala and Michael A. Heroux and David M. Day",
institution = "Sandia National Laboratories",
number = "SAND2004-2189",
year = 2004}
@TECHREPORT{Wemhoff:2006,
        AUTHOR             = {A. P. Wemhoff and A. K. Burnham},
        INSTITUTION        = {Lawrence Livermore National Laboratory},
        NUMBER             = {UCRL-TR218130},
        TITLE              = {Calibration of parameters in beta-delta HMX phase transformation kinetics using computer simulations},
        YEAR               = {2006},
}
% ===================================================================================================
% proceedings
% ===================================================================================================
@INPROCEEDINGS{BrandyberryMTG:2009,
        AUTHOR             = {M. D. Brandyberry and T. L. Jackson and K. Matou{\v s}},
        ADDRESS            = {La Jolla, CA},
        BOOKTITLE          = {Joint Army--Navy--NASA--Air Force (JANNAF) 43rd Combustion (CS) / 31st Airbreathing Propulsion (APS) / 25th Propulsion Systems Hazards (PSHS) Joint Subcommittee Meeting},
        TITLE              = {Three-dimensional tomographic characterization of heterogeneous solid propellants using $N$-point probability functions},
        YEAR               = {2009},
} 
@inproceedings{BrandyberryPRD:2012,
        AUTHOR             = {M. D. Brandyberry and D. R. Schwenk and J. Krisiloff},
        ADDRESS            = {San Antonio, TX},
        BOOKTITLE          = {JANNAF JPM/ SMBS/ PEDCS/ RNTS/ SEPS Meeting},
        MONTH              = {Apr 30 - May 4},
        TITLE              = {Experimental and computational program for slow and fast cookoff for insensitive munitions testing},
        YEAR               = {2012},
} 
@InProceedings{Brandyberry:2012,
	author		= {M. D. Brandyberry and M. T. Campbell and B. Wasistho and F. M. Najjar and T. L. Jackson and D. R. Schwenk and W. A. Dick},
	title		= {\software{Rocstar} simulation suite: An advanced 3-d multiphysics, multiscale computational framework for tightly coupled, fluid-structure-thermal applications},
	year		= {2012},
	booktitle	= {Proc. AIAA},
	volume		= {4216},
	pages		= {1-10}
}
@INPROCEEDINGS{Borne:1998,
        AUTHOR             = {L. Borne},
        BOOKTITLE          = {Proceedings of the 11th International Detonation Symposium},
        PAGES              = {657-663},
        TITLE              = {Explosive crystal microstructure and shock sensitivity of cast formation},
        YEAR               = {1998},
} 
@INPROCEEDINGS{Carter:2009,
        AUTHOR             = {et. al., R. T. Carter},
        BOOKTITLE          = {Proceedings of the 40th Lunar and Planetary Science Conference},
        ORGANIZATION       = {Lunar and Planetary Science Conference},
        TITLE              = {Estimating the drag coefficients of the meteorites for all Mach number regimes},
        YEAR               = {2009},
}
@InProceedings{Dick:2006,
	author		= {W. A. Dick and R. A. Fiedler and M. T. Heath},
	booktitle	= {Proc. AIAA},
	volume		= {4590},
	title		= {Building \software{Rocstar}: Simulation science for solid propellant rocket motors},
	year		= {2006},
	pages		= {1-10}
}
@INPROCEEDINGS{Funk:1996,
        AUTHOR             = {D. J. Funk and G. W. Laabs and P. D. Peterson and B. W. Asay},
        ORGANIZATION       = {American Journal of Physics Proceedings},
        PAGES              = {145-148},
        TITLE              = {Measurement of the stress/strain response of energetic materials as a function of strain rate and temperature: PBX 9501 and mock 9501},
        VOLUME             = {370},
        YEAR               = {1996},
}
@INPROCEEDINGS{Khasainov:1981,
        AUTHOR             = {B. A. Khasainov and A. A. Borisov and B. S. Ermolaev and A. I. Korotkov},
        BOOKTITLE          = {Proceedings of the 7th International Detonation Symposium},
        PAGES              = {435-447},
        TITLE              = {Two-phase visco-plastic model of shock initiation of detonation in high density pressed explosives},
        YEAR               = {1981},
        } 
% ===================================================================================================
%  user manuals
% ===================================================================================================
@MISC{Fluentt,
        AUTHOR             = {ANSYS Inc.},
        HOWPUBLISHED       = {http://www.ansys.com},
        MONTH              = {November},
        TITLE              = {{ANSYS} {FLUENT} {T}heory {G}uide},
        YEAR               = {2010},
}
@MISC{FluentU,
        AUTHOR             = {ANSYS Inc.},
        HOWPUBLISHED       = {http://www.ansys.com},
        MONTH              = {November},
        TITLE              = {{ANSYS FLUENT Users Guide}},
        YEAR               = {2010},
}
% ===================================================================================================
% Agile refs
% ===================================================================================================
@MISC{AgileWiki:2015,
        AUTHOR             = {{Wikipedia}},
        HOWPUBLISHED       = {http://en.wikipedia.org/wiki/Agile\_software \_development},
        TITLE              = {Agile software development},
        YEAR               = {2015},
}
@MISC{ScrumMtn:2015,
        AUTHOR             = {{Mountain Goat Software}},
        HOWPUBLISHED       = {https://www.mountaingoatsoftware.com/},
        TITLE              = {Agile software development},
        YEAR               = {2015},
}
@MISC{ScrumOrg:2015,
        AUTHOR             = {{Scrum.org}},
        HOWPUBLISHED       = {https://www.scrum.org/},
        TITLE              = {Scrum.org - Improving the profession of software development},
        YEAR               = {2015},
}
@MISC{ScrumWiki:2015,
        AUTHOR             = {{Wikipedia}},
        HOWPUBLISHED       = {http://en.wikipedia.org/wiki/Scrum\_(software\_development)},
        TITLE              = {Scrum and Agile training and consulting},
        YEAR               = {2015},
}
% ===================================================================================================
% other
% ===================================================================================================
@MISC{Amira:2012,
        AUTHOR             = {{FEI Visualization Sciences Group}},
        HOWPUBLISHED       = {http://www.amira.com},
        TITLE              = {\software{Amira}},
        YEAR               = {2012},
}
@MISC{Caebat:2014,
        AUTHOR             = {S. Kalnaus and S. Pannala and S. Allu and W. Elwasif, S. Simunovic and J. J. Billings and J. Turner},
        HOWPUBLISHED       = {http://batterysim.org/},
        TITLE              = {{CAEBAT OAS/VIBE} {P}roduction {R}elease v1},
        YEAR               = {2014},
}
@MISC{Comsol:2013,
        AUTHOR             = {Henrik Ekstr{\"o}m},
        HOWPUBLISHED       = {Webinar},
        MONTH              = {August},
        TITLE              = {Modeling batteries and fuel cells using \software{COMSOL Multiphysics}},
        YEAR               = {2013},
}
@MISC{Comsol:2014,
        AUTHOR             = {{COMSOL Inc.}},
        HOWPUBLISHED       = {http://www.comsol.com/},
        TITLE              = {\software{COMSOL}},
        YEAR               = {2014},
}
@MISC{Gering:2014,
        AUTHOR             = {Kevin L. Gering},
        HOWPUBLISHED       = {{PowerPoint} presentation given at {Lithium Battery Power} meeting held in {Washington D.C.}},
        TITLE              = {Practical model-driven metrics for selection and characterization of battery electrolytes},
        YEAR               = {2014},
}
@MISC{Gering2:2014,
        AUTHOR             = {Kevin L. Gering},
        HOWPUBLISHED       = {one-page summary on the advanced electroltye model},
        TITLE              = {{Advanced Electrolyte Model (AEM)}},
        YEAR               = {2014},
}
@MISC{Jencons:2011,
        AUTHOR             = {{Jencons Scientific USA}},
        HOWPUBLISHED       = {http://www.jenconsusa.com},
        MONTH              = {July},
        TITLE              = {Jencons solid soda glass balls brochure},
        YEAR               = {2011},
}
@MISC{Raytheon:2007,
        AUTHOR             = {Raytheon},
        HOWPUBLISHED       = {http://www.raytheon.com/products},
        TITLE              = {AGM-65 Maverick},
        YEAR               = {2007},
}


